
# Location, Location, Location
@article{anderson1997location,
  title={Location, location, location},
  author={Anderson, Simon P and Goeree, Jacob K and Ramer, Roald},
  journal={journal of economic theory},
  volume={77},
  number={1},
  pages={102--127},
  year={1997},
  publisher={Elsevier},
}

# Art of retail location decisions
@article{hernandez2000art,
  title={The art and science of retail location decisions},
  author={Hernandez, Tony and Bennison, David},
  journal={International Journal of Retail \& Distribution Management},
  volume={28},
  number={8},
  pages={357--367},
  year={2000},
  publisher={MCB UP Ltd}
}

@article{stanton2018brief,
  title={A brief history of food retail},
  author={Stanton, John L},
  journal={British Food Journal},
  volume={120},
  number={1},
  pages={172--180},
  year={2018},
  publisher={Emerald Publishing Limited}
}

@website{tradeareaanalysis,
    author = {Ryan Pesch and Bill Ryan},
    title = {Trade Area Analysis},
    howpublished="online",
    publisher =    "University of Wisconsin-Madison",
    url = {https://economicdevelopment.extension.wisc.edu/articles/trade-area-analysis/},
    year = {2024-05-04}
}

%%%%%%%%%%%%%%%%%%%%%%%%%%%%%%%%%%%%%%%%%%%%%%%%%%%%%%%%%%%%%%%%%%%%%%%%%%%%%%%%%%%%%%%%%%%%%%%%%%
%%%%%%%%%%%%%%%%%%%%%%%%%%%%%%%%%%%% Defining Trading Area %%%%%%%%%%%%%%%%%%%%%%%%%%%%%%%%%%%%%%%
%%%%%%%%%%%%%%%%%%%%%%%%%%%%%%%%%%%%%%%%%%%%%%%%%%%%%%%%%%%%%%%%%%%%%%%%%%%%%%%%%%%%%%%%%%%%%%%%%%

% Helps to verify trading area calculations with statistical methods and visualization
@phdthesis{patel2007trade,
  title={Trade area definition and calculation},
  author={Patel, Ashish and Fik, Timothy J and Thrall, Grant I},
  year={2007},
  school={Citeseer}
}

% Author suggests that classic stores are going through the restructuring phase due to increasing number of e-shops and user's mobility.
@book{birkin2002retail,
  title={Retail geography and intelligent network planning},
  author={Birkin, Mark and Clarke, Graham and Clarke, Martin P},
  year={2002},
  publisher={John Wiley \& Sons}
}

@article{stanley1976image,
  title={Image inputs to a probabilistic model: Predicting retail potential},
  author={Stanley, Thomas J and Sewall, Murphy A},
  journal={Journal of Marketing},
  volume={40},
  number={3},
  pages={48--53},
  year={1976},
  publisher={SAGE Publications Sage CA: Los Angeles, CA}
}

@article{huff1964defining,
  title={Defining and estimating a trading area},
  author={Huff, David L},
  journal={Journal of marketing},
  volume={28},
  number={3},
  pages={34--38},
  year={1964},
  publisher={SAGE Publications Sage CA: Los Angeles, CA}
}

% FIXME

@article{huff1966programmed,
  title={A programmed solution for approximating an optimum retail location},
  author={Huff, David L},
  journal={Land Economics},
  volume={42},
  number={3},
  pages={293--303},
  year={1966},
  publisher={JSTOR}
}

@article{davies1977store,
  title={Store location and store assessment research: the integration of some new and traditional techniques},
  author={Davies, RL},
  journal={Transactions of the Institute of British Geographers},
  pages={141--157},
  year={1977},
  publisher={JSTOR}
}

% Checklist method
@misc{lilien1983marketing,
  title={Marketing models: A model-building approach},
  author={Lilien, Gary L and Kotler, P},
  year={1983},
  publisher={Harper \& Row}
}

% Overview of all main trading area methods
@article{mendes2004multi,
  title={Multi-outlet retail site location assessment},
  author={Mendes, Armando B and Themido, Isabel Hall},
  journal={International Transactions in operational research},
  volume={11},
  number={1},
  pages={1--18},
  year={2004},
  publisher={Wiley Online Library}
}

@article{applebaum1966methods,
  title={Methods for determining store trade areas, market penetration, and potential sales},
  author={Applebaum, William},
  journal={Journal of marketing Research},
  volume={3},
  number={2},
  pages={127--141},
  year={1966},
  publisher={SAGE Publications Sage CA: Los Angeles, CA}
}

@book{kotler1971marketing,
  title={Marketing decision making: A model building approach},
  author={Kotler, Philip},
  volume={41},
  year={1971},
  publisher={Holt, Rinehart and Winston New York}
}

@article{wang2016evaluating,
  title={Evaluating trade areas using social media data with a calibrated huff model},
  author={Wang, Yandong and Jiang, Wei and Liu, Senbao and Ye, Xinyue and Wang, Teng},
  journal={ISPRS International Journal of Geo-Information},
  volume={5},
  number={7},
  pages={112},
  year={2016},
  publisher={MDPI}
}

@article{brunner1968influence,
  title={The influence of driving time upon shopping center preference},
  author={Brunner, James A and Mason, John L},
  journal={Journal of Marketing},
  volume={32},
  number={2},
  pages={57--61},
  year={1968},
  publisher={SAGE Publications Sage CA: Los Angeles, CA}
}

%%%%%%%%%%%%%%%%%%%%%%%%%%%%%%%%%%%%%%%%%%%%%%%%%%%%%%%%%%%%%%%%%%%%%%%%%%%%%%%%%%%%%%%%%%%%%%%%%%
%%%%%%%%%%%%%%%%%%%%%%%%%%%%%%%%%%%%%%%% Kernel Density %%%%%%%%%%%%%%%%%%%%%%%%%%%%%%%%%%%%%%%%%%
%%%%%%%%%%%%%%%%%%%%%%%%%%%%%%%%%%%%%%%%%%%%%%%%%%%%%%%%%%%%%%%%%%%%%%%%%%%%%%%%%%%%%%%%%%%%%%%%%%

@inproceedings{wkeglarczyk2018kernel,
  title={Kernel density estimation and its application},
  author={W{\k{e}}glarczyk, Stanis{\l}aw},
  booktitle={ITM web of conferences},
  volume={23},
  pages={00037},
  year={2018},
  organization={EDP Sciences}
}

% Point Density formula (Moreno)
@article{moreno2007obtencion,
  title={Obtenci{\'o}n de capas raster de densidad},
  author={Moreno, A},
  journal={Sistemas y An{\'a}lisis de la informaci{\'o}n Geogr{\'a}fica. Manual de autoaprendizaje con ArcGIS},
  pages={685--691},
  year={2007},
  publisher={RA-MA Madrid}
}

%%%%%%%%%%%%%%%%%%%%%%%%%%%%%%%%%%%%%%%%%%%%%%%%%%%%%%%%%%%%%%%%%%%%%%%%%%%%%%%%%%%%%%%%%%%%%%%%%%
%%%%%%%%%%%%%%%%%%%%%%%%%%%%%%% Multi-criteria Decision Analysis %%%%%%%%%%%%%%%%%%%%%%%%%%%%%%%%%
%%%%%%%%%%%%%%%%%%%%%%%%%%%%%%%%%%%%%%%%%%%%%%%%%%%%%%%%%%%%%%%%%%%%%%%%%%%%%%%%%%%%%%%%%%%%%%%%%%

% Author compares here all the main milti-criteria decision methods
@article{yap2019systematic,
  title={A systematic review of the applications of multi-criteria decision-making methods in site selection problems},
  author={Yap, Jeremy Yee Li and Ho, Chiung Chiung and Ting, Choo-Yee},
  journal={Built environment project and asset management},
  volume={9},
  number={4},
  pages={548--563},
  year={2019},
  publisher={Emerald Publishing Limited}
}

% This is the creators of the PROMTHEE method
@article{brans1986select,
  title={How to select and how to rank projects: The PROMETHEE method},
  author={Brans, Jean-Pierre and Vincke, Ph and Mareschal, Bertrand},
  journal={European journal of operational research},
  volume={24},
  number={2},
  pages={228--238},
  year={1986},
  publisher={Elsevier}
}

% This is the creators of the ÉLECTRE method
@article{roy1968classement,
  title={Classement et choix en pr{\'e}sence de points de vue multiples},
  author={Roy, Bernard},
  journal={Revue fran{\c{c}}aise d'informatique et de recherche op{\'e}rationnelle},
  volume={2},
  number={8},
  pages={57--75},
  year={1968},
  publisher={EDP Sciences}
}

% This is the creators of the ÉLECTRE II method
@article{roy1971note,
  title={Note de travail 142},
  author={Roy, B and Bertier, P and La m{\'e}thode ELECTRE, II},
  journal={SEMA-METRA Metra International},
  year={1971}
}

% This is the creators of the ÉLECTRE III method
@article{electre1978algorithme,
  title={Algorithme de classement bas{\'e} sur une repr{\'e}sentation des pr{\'e}f{\'e}rence en pr{\'e}sence de criteres multiples},
  author={ELECTRE III, B Roy},
  journal={Cahiers du CERO},
  volume={21},
  pages={3--24},
  year={1978}
}

% Application of the ELECTRE method
@article{taherdoost2023comprehensive,
  title={A Comprehensive Overview of the ELECTRE Method in Multi Criteria Decision-Making},
  author={Taherdoost, Hamed and Madanchian, Mitra},
  journal={Journal of Management Science \& Engineering Research},
  volume={6},
  number={2},
  year={2023}
}

% This is the creators of the TOPSIS method
@article{yoon1981topsis,
  title={TOPSIS (technique for order preference by similarity to ideal solution)--a multiple attribute decision making, w: Multiple attribute decision making--methods and applications, a state-of-the-at survey},
  author={Yoon, Kwangsun and Hwang, Ching Lai},
  journal={Berlin: Springer Verlag},
  year={1981}
}

% This is the creators of the AHP method
@book{saaty1988analytic,
  title={What is the analytic hierarchy process?},
  author={Saaty, Thomas L},
  year={1988},
  publisher={Springer}
}

% Consistency of the AHP method
@article{saaty1992decision,
  title={Decision making for leaders (p. 19)},
  author={Saaty, TL},
  journal={Pittsburgh: RWS Publications},
  year={1992}
}

% Very deep overview on multi-criteria decision analysis
@article{durbach2012modeling,
  title={Modeling uncertainty in multi-criteria decision analysis},
  author={Durbach, Ian N and Stewart, Theodor J},
  journal={European journal of operational research},
  volume={223},
  number={1},
  pages={1--14},
  year={2012},
  publisher={Elsevier}
}

% How to calculate distance decay factor
@article{huff2008calibrating,
  title={Calibrating the huff model using ArcGIS business analyst},
  author={Huff, David and McCALLUM, Bradley M},
  journal={ESRI White Paper},
  pages={1--33},
  year={2008}
}

% Linear regression
@book{gross2003linear,
  title={Linear regression},
  author={Gro{\ss}, J{\"u}rgen},
  volume={175},
  year={2003},
  publisher={Springer Science \& Business Media}
}

%%%%%%%%%%%%%%%%%%%%%%%%%%%%%%%%%%%%%%%%%%%%%%%%%%%%%%%%%%%%%%%%%%%%%%%%%%%%%%%%%%%%%%%%%%%%%%%%%%
%%%%%%%%%%%%%%%%%%%%%%%%%%%%%%%%%%%%%%%%%%%%%% GIS %%%%%%%%%%%%%%%%%%%%%%%%%%%%%%%%%%%%%%%%%%%%%%%
%%%%%%%%%%%%%%%%%%%%%%%%%%%%%%%%%%%%%%%%%%%%%%%%%%%%%%%%%%%%%%%%%%%%%%%%%%%%%%%%%%%%%%%%%%%%%%%%%%

@article{rikalovic2014gis,
  title={GIS based multi-criteria analysis for industrial site selection},
  author={Rikalovic, Aleksandar and Cosic, Ilija and Lazarevic, Djordje},
  journal={Procedia engineering},
  volume={69},
  pages={1054--1063},
  year={2014},
  publisher={Elsevier}
}

@misc{battersby2017,
    author = {Battersby, Sarah},
    title = {Map Projections},
    year = {2017},
    howpublished = {\url{https://gistbok.ucgis.org/bok-topics/map-projections}},
    note = {The Geographic Information Science \& Technology Body of Knowledge (2nd Quarter 2017 Edition), John P. Wilson (ed.)},
    doi = {10.22224/gistbok/2017.2.7},
    urldate = {2024-01-21}
}

@article{sumer2016promoting,
  title={Promoting development through a geographic information system-based Lodging Property Query System (LPQS) for Antalya, Turkey},
  author={S{\"u}mer, Selay Ilgaz and S{\"u}mer, Emre and Atasever, Hilal},
  journal={Information Development},
  volume={32},
  number={4},
  pages={1055--1067},
  year={2016},
  publisher={Sage Publications Sage UK: London, England}
}

%%%%%%%%%%%%%%%%%%%%%%%%%%%%%%%%%%%%%%%%%%%%%%%%%%%%%%%%%%%%%%%%%%%%%%%%%%%%%%%%%%%%%%%%%%%%%%%%%%
%%%%%%%%%%%%%%%%%%%%%%%%%%%%%%%%%%%%%%%%% AI procedure %%%%%%%%%%%%%%%%%%%%%%%%%%%%%%%%%%%%%%%%%%%
%%%%%%%%%%%%%%%%%%%%%%%%%%%%%%%%%%%%%%%%%%%%%%%%%%%%%%%%%%%%%%%%%%%%%%%%%%%%%%%%%%%%%%%%%%%%%%%%%%

@article{han2022search,
  title={Search well and be wise: A machine learning approach to search for a profitable location},
  author={Han, Shuihua and Jia, Xinyun and Chen, Xinming and Gupta, Shivam and Kumar, Ajay and Lin, Zhibin},
  journal={Journal of Business Research},
  volume={144},
  pages={416--427},
  year={2022},
  publisher={Elsevier}
}

%%%%%%%%%%%%%%%%%%%%%%%%%%%%%%%%%%%%%%%%%%%%%%%%%%%%%%%%%%%%%%%%%%%%%%%%%%%%%%%%%%%%%%%%%%%%%%%%%%
%%%%%%%%%%%%%%%%%%%%%%%%%%%%%%%%%%%%%%% Common citations %%%%%%%%%%%%%%%%%%%%%%%%%%%%%%%%%%%%%%%%%
%%%%%%%%%%%%%%%%%%%%%%%%%%%%%%%%%%%%%%%%%%%%%%%%%%%%%%%%%%%%%%%%%%%%%%%%%%%%%%%%%%%%%%%%%%%%%%%%%%

% Entire process using GIS is described here
@article{roig2013retail,
  title={The retail site location decision process using GIS and the analytical hierarchy process},
  author={Roig-Tierno, Norat and Baviera-Puig, Amparo and Buitrago-Vera, Juan and Mas-Verdu, Francisco},
  journal={Applied Geography},
  volume={40},
  pages={191--198},
  year={2013},
  publisher={Elsevier}
}

% Two key concepts: Geo-demand and Geo-competition
@article{baviera2012trade,
  title={Trade areas and knowledge-intensive services: the case of a technology centre},
  author={Baviera-Puig, Amparo and Buitrago-Vera, Juan and Mas-Verd{\'u}, Francisco},
  journal={Management decision},
  volume={50},
  number={8},
  pages={1412--1424},
  year={2012},
  publisher={Emerald Group Publishing Limited}
}

@article{church2002geographical,
  title={Geographical information systems and location science},
  author={Church, Richard L},
  journal={Computers \& Operations Research},
  volume={29},
  number={6},
  pages={541--562},
  year={2002},
  publisher={Elsevier}
}

@website{gis2018tools,
  key =          "gis2018tools",
  author =       "Faculté de pharmacie de Lille",
  title =        "Data processing, analysis and mapping",
  howpublished = "online",
  publisher =    "sigles",
  year =         "2018",
  url =          "https://www.sigles-sante-environnement.fr/en/study-methodology/data-processing-analysis-and-mapping/",
  cited =        "2023-10-12"
}

@website{gis2018geographic,
  key =          "gis2018geographic",
  author =       "Jeannie Evers, Emdash Editing, Emdash Editing",
  title =        "GIS (Geographic Information System)",
  howpublished = "online",
  publisher =    "National Geographic Society",
  year =         "2023",
  url =          "https://education.nationalgeographic.org/resource/geographic-information-system-gis/",
  cited =        "2023-10-12"
}

@website{web2022trade,
key =          "web2022trade",
author =       "Ryan Pesch, Bill Ryan",
title =        "Trade Area Analysis",
howpublished = "online",
publisher =    "Community Economic Development",
year =         "2023",
url =          "https://economicdevelopment.extension.wisc.edu/articles/trade-area-analysis/",
cited =        "2023-19-12"
}

@inproceedings{schneider1999spatial,
  title={Spatial data types: Conceptual foundation for the design and implementation of spatial Database systems and GIS},
  author={Schneider, Markus},
  booktitle={Proceedings of 6th International Symposium on Spatial Databases},
  year={1999},
  organization={Citeseer}
}

@techreport{butler2016geojson,
  title={The geojson format},
  author={Butler, Howard and Daly, Martin and Doyle, Allan and Gillies, Sean and Hagen, Stefan and Schaub, Tim},
  year={2016}
}

@website{excel2024fit,
  key =          "excel2024fit",
  author =       "Oleksandr Turytsia",
  title =        "The Retail Site Location Decision System",
  howpublished = "online",
  publisher =    "Vysoké učení technické v Brně",
  year =         "2024",
  url =          "https://excel.fit.vutbr.cz/submissions/2024/010/10.pdf",
  cited =        "2024-05-07"
}
